@misc{linksgit,
  author = {The Links Team},
  title = {Links source code repository},
  year = {2006--2020},
  publisher = {GitHub},
  journal = {GitHub repository},
  url = {https://github.com/links-lang/links}
}

@misc{linkspage,
  author = {The Links Team},
  title = {Links official page},
  year = {2006--2020},
  publisher = {University of Edinburgh},
  url = {https://links-lang.org}
}

@article{HillerstromLA20,
  author    = {Daniel Hillerstr{\"{o}}m and
               Sam Lindley and
               Robert Atkey},
  title     = {Effect handlers via generalised continuations},
  journal   = {J. Funct. Program.},
  volume    = {30},
  pages     = {e5},
  year      = {2020}
}

@inproceedings{FehrenbachC19,
  author    = {Stefan Fehrenbach and
               James Cheney},
  title     = {Language-integrated provenance by trace analysis},
  booktitle = {{DBPL}},
  pages     = {74--84},
  publisher = {{ACM}},
  year      = {2019}
}

@article{FowlerLMD19,
  author    = {Simon Fowler and
               Sam Lindley and
               J. Garrett Morris and
               S{\'{a}}ra Decova},
  title     = {Exceptional asynchronous session types: session types without tiers},
  journal   = {{PACMPL}},
  volume    = {3},
  number    = {{POPL}},
  pages     = {28:1--28:29},
  year      = {2019}
}

@inproceedings{HillerstromL18,
  author    = {Daniel Hillerstr{\"{o}}m and
               Sam Lindley},
  title     = {Shallow Effect Handlers},
  booktitle = {{APLAS}},
  series    = {Lecture Notes in Computer Science},
  volume    = {11275},
  pages     = {415--435},
  publisher = {Springer},
  year      = {2018}
}

@article{HornPC18,
  author    = {Rudi Horn and
               Roly Perera and
               James Cheney},
  title     = {Incremental relational lenses},
  journal   = {{PACMPL}},
  volume    = {2},
  number    = {{ICFP}},
  pages     = {74:1--74:30},
  year      = {2018}
}

@inproceedings{FehrenbachC16,
  author    = {Stefan Fehrenbach and
               James Cheney},
  title     = {Language-integrated provenance},
  booktitle = {{PPDP}},
  pages     = {214--227},
  publisher = {{ACM}},
  year      = {2016}
}

@inproceedings{HillerstromLAS17,
  author    = {Daniel Hillerstr{\"{o}}m and
               Sam Lindley and
               Robert Atkey and
               K. C. Sivaramakrishnan},
  title     = {Continuation Passing Style for Effect Handlers},
  booktitle = {{FSCD}},
  series    = {LIPIcs},
  volume    = {84},
  pages     = {18:1--18:19},
  publisher = {Schloss Dagstuhl - Leibniz-Zentrum f{\"{u}}r Informatik},
  year      = {2017}
}

@article{FehrenbachC18,
  author    = {Stefan Fehrenbach and
               James Cheney},
  title     = {Language-integrated provenance},
  journal   = {Sci. Comput. Program.},
  volume    = {155},
  pages     = {103--145},
  year      = {2018}
}

@inproceedings{HillerstromL16,
  author    = {Daniel Hillerstr{\"{o}}m and
               Sam Lindley},
  title     = {Liberating effects with rows and handlers},
  booktitle = {TyDe@ICFP},
  pages     = {15--27},
  publisher = {{ACM}},
  year      = {2016}
}

@inproceedings{CheneyLRW14,
  author    = {James Cheney and
               Sam Lindley and
               Gabriel Radanne and
               Philip Wadler},
  title     = {Effective quotation: relating approaches to language-integrated query},
  booktitle = {{PEPM}},
  pages     = {15--26},
  publisher = {{ACM}},
  year      = {2014}
}

@inproceedings{CheneyLW14,
  author    = {James Cheney and
               Sam Lindley and
               Philip Wadler},
  title     = {Query shredding: efficient relational evaluation of queries over nested
               multisets},
  booktitle = {{SIGMOD} Conference},
  pages     = {1027--1038},
  publisher = {{ACM}},
  year      = {2014}
}

@inproceedings{LindleyC12,
  author    = {Sam Lindley and
               James Cheney},
  title     = {Row-based effect types for database integration},
  booktitle = {{TLDI}},
  pages     = {91--102},
  publisher = {{ACM}},
  year      = {2012}
}

@inproceedings{CooperLWY08,
  author    = {Ezra Cooper and
               Sam Lindley and
               Philip Wadler and
               Jeremy Yallop},
  title     = {The Essence of Form Abstraction},
  booktitle = {{APLAS}},
  series    = {Lecture Notes in Computer Science},
  volume    = {5356},
  pages     = {205--220},
  publisher = {Springer},
  year      = {2008}
}

@inproceedings{CooperLWY06,
  author    = {Ezra Cooper and
               Sam Lindley and
               Philip Wadler and
               Jeremy Yallop},
  title     = {Links: Web Programming Without Tiers},
  booktitle = {{FMCO}},
  series    = {Lecture Notes in Computer Science},
  volume    = {4709},
  pages     = {266--296},
  publisher = {Springer},
  year      = {2006}
}
